@ARTICLE{Vini:2014,
    author = {Vini Kanwar and Uday P. Khedker},
    title = {Generalizing the Liveness Based Points-to Analysis},
    journal = {Computing Research Repository [cs.PL]},
    year = {2014}
}

% Optional fields: volume, number, pages, month, note
@UNPUBLISHED{blespec41,
    author = {+BLE +SIG},
    title = {BLE 4.1 Specifications},
    url = "https://github.com/princedhaliwal/points-to-constraintgen"
}

% Optional fields: volume, number, pages, month, note
@ARTICLE{Steensgaard,
    author = {Bjarne Steensgaard},
    title = {Points-to analysis in almost linear time},
    journal = {POPL '96: Proceedings of the 23rd ACM SIGPLAN-SIGACT symposium on Principles of programming languages. ACM. pp. 32â€“41},
    year = {1996}
}

% Optional fields: volume, number, pages, month, note
@ARTICLE{Andersons,
    author = {Andersen and Lars Ole},
    title = {Program Analysis and Specialization for the C Programming Language},
    journal = {PhD Thesis},
    year = {1994}
}